<?xml version = "1.0" encoding = "UTF-8"?><record>
  <leader>01444nam#a2200349#cb4500</leader>
  <controlfield tag="005">20210408013215.0</controlfield>
  <controlfield tag="007">tu</controlfield>
  <controlfield tag="008">950809|1995####xx############|||#|#ger#c</controlfield>
  <controlfield tag="003">DE-605</controlfield>
  <controlfield tag="001">990068020330206441</controlfield>
  <datafield tag="016" ind1="7" ind2=" ">
    <subfield code="a">246568393</subfield>
    <subfield code="2">OCoLC</subfield>
  </datafield>
  <datafield tag="020" ind1=" " ind2=" ">
    <subfield code="a">3860930761</subfield>
    <subfield code="c">kart. : DM 29.80</subfield>
    <subfield code="9">3-86093-076-1</subfield>
    <subfield code="0">(uri) http://www.isbnsearch.org/isbn/3860930761</subfield>
  </datafield>
  <datafield tag="035" ind1=" " ind2=" ">
    <subfield code="a">(DE-605)HT006699267</subfield>
  </datafield>
  <datafield tag="040" ind1=" " ind2=" ">
    <subfield code="a">292</subfield>
    <subfield code="b">ger</subfield>
    <subfield code="d">294</subfield>
    <subfield code="e">rakwb</subfield>
  </datafield>
  <datafield tag="041" ind1=" " ind2=" ">
    <subfield code="a">ger</subfield>
  </datafield>
  <datafield tag="100" ind1="1" ind2=" ">
    <subfield code="a">F&#252;rtig, Henner</subfield>
    <subfield code="d">1953-</subfield>
    <subfield code="0">(DE-588)121065693</subfield>
    <subfield code="4">aut</subfield>
    <subfield code="0">(uri) https://portal.dnb.de/opac.htm?method=simpleSearch&amp;cqlMode=true&amp;query=idn=121065693</subfield>
    <subfield code="0">(uri) http://viaf.org/viaf/sourceID/DNB|121065693</subfield>
    <subfield code="B">GND-121065693</subfield>
  </datafield>
  <datafield tag="245" ind1="1" ind2="0">
    <subfield code="a">Demokratie in Saudi-Arabien?</subfield>
    <subfield code="b">Die &#256;l Sa&#703;&#363;d und die Folgen des zweiten Golfkrieges</subfield>
    <subfield code="c">Henner F&#252;rtig</subfield>
  </datafield>
  <datafield tag="264" ind1=" " ind2="1">
    <subfield code="a">Berlin</subfield>
    <subfield code="b">Verl. Das Arab. Buch</subfield>
    <subfield code="c">1995</subfield>
  </datafield>
  <datafield tag="300" ind1=" " ind2=" ">
    <subfield code="a">106 S.</subfield>
  </datafield>
  <datafield tag="490" ind1="1" ind2=" ">
    <subfield code="a">Arbeitshefte / Forschungsschwerpunkt Moderner Orient, F&#246;rderungsgesellschaft Wissenschaftliche Neuvorhaben mbH</subfield>
    <subfield code="v">Nr. 6</subfield>
  </datafield>
  <datafield tag="689" ind1="0" ind2="0">
    <subfield code="a">Ibn-Saud</subfield>
    <subfield code="c">Familie</subfield>
    <subfield code="D">p</subfield>
    <subfield code="0">(DE-588)118708554</subfield>
    <subfield code="0">(uri) https://portal.dnb.de/opac.htm?method=simpleSearch&amp;cqlMode=true&amp;query=idn=118708554</subfield>
    <subfield code="0">(uri) http://viaf.org/viaf/sourceID/DNB|118708554</subfield>
    <subfield code="B">GND-118708554</subfield>
  </datafield>
  <datafield tag="689" ind1="0" ind2="1">
    <subfield code="a">Golfkrieg</subfield>
    <subfield code="g">1990-1991</subfield>
    <subfield code="D">s</subfield>
    <subfield code="0">(DE-588)4243780-5</subfield>
    <subfield code="0">(uri) https://portal.dnb.de/opac.htm?method=simpleSearch&amp;cqlMode=true&amp;query=idn=042437806</subfield>
    <subfield code="0">(uri) http://viaf.org/viaf/sourceID/DNB|042437806</subfield>
  </datafield>
  <datafield tag="689" ind1="0" ind2="2">
    <subfield code="a">Auswirkung</subfield>
    <subfield code="D">s</subfield>
    <subfield code="0">(DE-588)4112646-4</subfield>
    <subfield code="0">(uri) https://portal.dnb.de/opac.htm?method=simpleSearch&amp;cqlMode=true&amp;query=idn=041126467</subfield>
    <subfield code="0">(uri) http://viaf.org/viaf/sourceID/DNB|041126467</subfield>
    <subfield code="B">GND-041126467</subfield>
  </datafield>
  <datafield tag="689" ind1="1" ind2="0">
    <subfield code="a">Saudi-Arabien</subfield>
    <subfield code="D">g</subfield>
    <subfield code="0">(DE-588)4051788-3</subfield>
    <subfield code="0">(uri) https://portal.dnb.de/opac.htm?method=simpleSearch&amp;cqlMode=true&amp;query=idn=040517888</subfield>
    <subfield code="0">(uri) http://viaf.org/viaf/sourceID/DNB|040517888</subfield>
    <subfield code="B">GND-040517888</subfield>
  </datafield>
  <datafield tag="689" ind1="1" ind2="1">
    <subfield code="a">Demokratie</subfield>
    <subfield code="D">s</subfield>
    <subfield code="0">(DE-588)4011413-2</subfield>
    <subfield code="0">(uri) https://portal.dnb.de/opac.htm?method=simpleSearch&amp;cqlMode=true&amp;query=idn=040114139</subfield>
    <subfield code="0">(uri) http://viaf.org/viaf/sourceID/DNB|040114139</subfield>
    <subfield code="B">GND-040114139</subfield>
  </datafield>
  <datafield tag="689" ind1="1" ind2="2">
    <subfield code="a">Politischer Wandel</subfield>
    <subfield code="D">s</subfield>
    <subfield code="0">(DE-588)4175047-0</subfield>
    <subfield code="0">(uri) https://portal.dnb.de/opac.htm?method=simpleSearch&amp;cqlMode=true&amp;query=idn=041750470</subfield>
    <subfield code="0">(uri) http://viaf.org/viaf/sourceID/DNB|041750470</subfield>
    <subfield code="B">GND-041750470</subfield>
  </datafield>
  <datafield tag="689" ind1="1" ind2="3">
    <subfield code="a">Golfkrieg</subfield>
    <subfield code="g">1990-1991</subfield>
    <subfield code="D">s</subfield>
    <subfield code="0">(DE-588)4243780-5</subfield>
    <subfield code="0">(uri) https://portal.dnb.de/opac.htm?method=simpleSearch&amp;cqlMode=true&amp;query=idn=042437806</subfield>
    <subfield code="0">(uri) http://viaf.org/viaf/sourceID/DNB|042437806</subfield>
  </datafield>
  <datafield tag="830" ind1=" " ind2="0">
    <subfield code="a">Arbeitshefte / Forschungsschwerpunkt Moderner Orient, F&#246;rderungsgesellschaft Wissenschaftliche Neuvorhaben mbH</subfield>
    <subfield code="w">(DE-605)HT006699303</subfield>
    <subfield code="v">6</subfield>
    <subfield code="9">O:1</subfield>
  </datafield>
  <datafield tag="964" ind1="0" ind2="s">
    <subfield code="F">030</subfield>
    <subfield code="A">a|1uc||||||17</subfield>
  </datafield>
  <datafield tag="964" ind1="0" ind2="s">
    <subfield code="F">050</subfield>
    <subfield code="A">a|||||||||||||</subfield>
  </datafield>
  <datafield tag="964" ind1="0" ind2="s">
    <subfield code="F">051</subfield>
    <subfield code="A">s|||||||</subfield>
  </datafield>
  <datafield tag="035" ind1=" " ind2=" ">
    <subfield code="a">(OCoLC)246568393</subfield>
    <subfield code="0">(uri) http://www.worldcat.org/oclc/246568393</subfield>
  </datafield>
  <datafield tag="MBD" ind1=" " ind2=" ">
    <subfield code="M">49HBZ_NETWORK</subfield>
    <subfield code="i">990068020330206441</subfield>
    <subfield code="n">HBZ Network</subfield>
  </datafield>
  <datafield tag="MBD" ind1=" " ind2=" ">
    <subfield code="M">49HBZ_WUP</subfield>
    <subfield code="i">990007371840206447</subfield>
    <subfield code="n">UB Wuppertal</subfield>
  </datafield>
  <datafield tag="020" ind1=" " ind2=" ">
    <subfield code="a">3860930761</subfield>
    <subfield code="c">kart. : DM 29.80</subfield>
    <subfield code="9">3-86093-076-1</subfield>
    <subfield code="M">49HBZ_WUP</subfield>
  </datafield>
  <datafield tag="830" ind1=" " ind2="0">
    <subfield code="a">Arbeitshefte / Forschungsschwerpunkt Moderner Orient, F&#246;rderungsgesellschaft Wissenschaftliche Neuvorhaben mbH</subfield>
    <subfield code="w">(DE-605)HT006699303</subfield>
    <subfield code="v">6</subfield>
    <subfield code="9">O:1</subfield>
    <subfield code="M">49HBZ_WUP</subfield>
  </datafield>
  <datafield tag="983" ind1=" " ind2=" ">
    <subfield code="b">OYV</subfield>
    <subfield code="9">LOCAL</subfield>
    <subfield code="M">49HBZ_WUP</subfield>
  </datafield>
  <datafield tag="983" ind1=" " ind2=" ">
    <subfield code="b">PDGV</subfield>
    <subfield code="9">LOCAL</subfield>
    <subfield code="M">49HBZ_WUP</subfield>
  </datafield>
  <datafield tag="MNG" ind1=" " ind2=" ">
    <subfield code="c">System</subfield>
    <subfield code="f">ILS</subfield>
    <subfield code="i">marc21</subfield>
    <subfield code="k">01</subfield>
    <subfield code="e">false</subfield>
    <subfield code="d">2021-08-01 04:08:31 Europe/Berlin</subfield>
    <subfield code="g">006802033-HBZ01</subfield>
    <subfield code="j">60</subfield>
    <subfield code="a">import</subfield>
    <subfield code="b">2021-04-05 18:46:49 Europe/Berlin</subfield>
  </datafield>
  <datafield tag="H52" ind1=" " ind2=" ">
    <subfield code="b">W0001</subfield>
    <subfield code="c">41</subfield>
    <subfield code="h"></subfield>
    <subfield code="8">22120966340006447</subfield>
  </datafield>
  <datafield tag="HOL" ind1=" " ind2=" ">
    <subfield code="b">2021-04-06 07:40:57</subfield>
    <subfield code="8">22120966340006447</subfield>
    <subfield code="M">49HBZ_WUP</subfield>
    <subfield code="g">false</subfield>
    <subfield code="a">import</subfield>
  </datafield>
  <datafield tag="ITM" ind1=" " ind2=" ">
    <subfield code="H">22120966340006447</subfield>
    <subfield code="x">41</subfield>
    <subfield code="f">BOOK</subfield>
    <subfield code="v">41</subfield>
    <subfield code="p">11</subfield>
    <subfield code="X">System</subfield>
    <subfield code="U">1995-08-08 10:59:00</subfield>
    <subfield code="Y">2021-04-06 07:41:49</subfield>
    <subfield code="h">false</subfield>
    <subfield code="n">PDGV1171</subfield>
    <subfield code="M">49HBZ_WUP</subfield>
    <subfield code="s">1</subfield>
    <subfield code="d">#</subfield>
    <subfield code="V">import</subfield>
    <subfield code="b">000607636000010</subfield>
    <subfield code="a">23120966330006447</subfield>
    <subfield code="t">8</subfield>
    <subfield code="R">Maintenance count: 003</subfield>
    <subfield code="B">95/14509</subfield>
    <subfield code="D">20000217</subfield>
    <subfield code="W">2021-04-06 07:40:57</subfield>
    <subfield code="u">W0001</subfield>
    <subfield code="w">W0001</subfield>
  </datafield>
  <datafield tag="GST" ind1=" " ind2=" ">
    <subfield code="a">Systemtransformation</subfield>
    <subfield code="g">Politik</subfield>
    <subfield code="9">v:Pipers W Pol</subfield>
    <subfield code="A">GND</subfield>
    <subfield code="B">GND-041750470</subfield>
    <subfield code="C">450</subfield>
  </datafield>
  <datafield tag="GST" ind1=" " ind2=" ">
    <subfield code="a">Systemwandel</subfield>
    <subfield code="g">Politik</subfield>
    <subfield code="9">v:Manfred G. Schmidt: Wo&#776;rterbuch zur Politik, Stuttgart 1995</subfield>
    <subfield code="A">GND</subfield>
    <subfield code="B">GND-041750470</subfield>
    <subfield code="C">450</subfield>
  </datafield>
  <datafield tag="GST" ind1=" " ind2=" ">
    <subfield code="a">Systemwechsel</subfield>
    <subfield code="g">Politik</subfield>
    <subfield code="9">v:Manfred G. Schmidt: Wo&#776;rterbuch zur Politik, Stuttgart 1995</subfield>
    <subfield code="A">GND</subfield>
    <subfield code="B">GND-041750470</subfield>
    <subfield code="C">450</subfield>
  </datafield>
  <datafield tag="GST" ind1=" " ind2=" ">
    <subfield code="a">Politische Entwicklung</subfield>
    <subfield code="g">Politischer Wandel</subfield>
    <subfield code="A">GND</subfield>
    <subfield code="B">GND-041750470</subfield>
    <subfield code="C">450</subfield>
  </datafield>
  <datafield tag="GSI" ind1="7" ind2=" ">
    <subfield code="a">http://d-nb.info/gnd/4175047-0</subfield>
    <subfield code="2">uri</subfield>
    <subfield code="A">GND</subfield>
    <subfield code="B">GND-041750470</subfield>
    <subfield code="C">024</subfield>
  </datafield>
  <datafield tag="GST" ind1=" " ind2=" ">
    <subfield code="a">Volksherrschaft</subfield>
    <subfield code="A">GND</subfield>
    <subfield code="B">GND-040114139</subfield>
    <subfield code="C">450</subfield>
  </datafield>
  <datafield tag="GST" ind1=" " ind2=" ">
    <subfield code="a">Demokratischer Staat</subfield>
    <subfield code="A">GND</subfield>
    <subfield code="B">GND-040114139</subfield>
    <subfield code="C">450</subfield>
  </datafield>
  <datafield tag="GST" ind1=" " ind2=" ">
    <subfield code="a">Democracy</subfield>
    <subfield code="9">v:eng</subfield>
    <subfield code="A">GND</subfield>
    <subfield code="B">GND-040114139</subfield>
    <subfield code="C">450</subfield>
  </datafield>
  <datafield tag="GSI" ind1="7" ind2=" ">
    <subfield code="a">http://d-nb.info/gnd/4011413-2</subfield>
    <subfield code="2">uri</subfield>
    <subfield code="A">GND</subfield>
    <subfield code="B">GND-040114139</subfield>
    <subfield code="C">024</subfield>
  </datafield>
  <datafield tag="GSI" ind1="7" ind2=" ">
    <subfield code="a">4051788-3</subfield>
    <subfield code="0">http://d-nb.info/gnd/4051788-3</subfield>
    <subfield code="2">gnd</subfield>
    <subfield code="A">GND</subfield>
    <subfield code="B">GND-040517888</subfield>
    <subfield code="C">024</subfield>
  </datafield>
  <datafield tag="GSI" ind1="7" ind2=" ">
    <subfield code="a">102358</subfield>
    <subfield code="2">geonames</subfield>
    <subfield code="A">GND</subfield>
    <subfield code="B">GND-040517888</subfield>
    <subfield code="C">024</subfield>
  </datafield>
  <datafield tag="GGN" ind1=" " ind2=" ">
    <subfield code="a">&lt;&lt;Al-&gt;&gt; Mamlaka al-Arabijja as-Saudijja</subfield>
    <subfield code="A">GND</subfield>
    <subfield code="B">GND-040517888</subfield>
    <subfield code="C">451</subfield>
  </datafield>
  <datafield tag="GGN" ind1=" " ind2=" ">
    <subfield code="a">K&#246;nigreich Saudi-Arabien</subfield>
    <subfield code="A">GND</subfield>
    <subfield code="B">GND-040517888</subfield>
    <subfield code="C">451</subfield>
  </datafield>
  <datafield tag="GGN" ind1=" " ind2=" ">
    <subfield code="a">Saudiarabien</subfield>
    <subfield code="A">GND</subfield>
    <subfield code="B">GND-040517888</subfield>
    <subfield code="C">451</subfield>
  </datafield>
  <datafield tag="GGN" ind1=" " ind2=" ">
    <subfield code="a">Royaume d&apos;Arabie Saoudite</subfield>
    <subfield code="A">GND</subfield>
    <subfield code="B">GND-040517888</subfield>
    <subfield code="C">451</subfield>
  </datafield>
  <datafield tag="GGN" ind1=" " ind2=" ">
    <subfield code="a">Arabie Saoudite</subfield>
    <subfield code="A">GND</subfield>
    <subfield code="B">GND-040517888</subfield>
    <subfield code="C">451</subfield>
  </datafield>
  <datafield tag="GGN" ind1=" " ind2=" ">
    <subfield code="a">&lt;&lt;al-&gt;&gt; Mamlaka al-&#703;Arab&#299;ya as-Su&#703;&#363;d&#299;ya</subfield>
    <subfield code="A">GND</subfield>
    <subfield code="B">GND-040517888</subfield>
    <subfield code="C">451</subfield>
  </datafield>
  <datafield tag="GGN" ind1=" " ind2=" ">
    <subfield code="a">&lt;&lt;al-&gt;&gt; Mamlaka al-&#703;Arab&#299;ya as-Sa&#703;&#363;d&#299;ya</subfield>
    <subfield code="A">GND</subfield>
    <subfield code="B">GND-040517888</subfield>
    <subfield code="C">451</subfield>
  </datafield>
  <datafield tag="GGN" ind1=" " ind2=" ">
    <subfield code="a">&lt;&lt;Al-&gt;&gt; Mamlaka al-&apos;Araba&#299;ya as Su&apos;ud&#299;ya</subfield>
    <subfield code="A">GND</subfield>
    <subfield code="B">GND-040517888</subfield>
    <subfield code="C">451</subfield>
  </datafield>
  <datafield tag="GGN" ind1=" " ind2=" ">
    <subfield code="a">&lt;&lt;as-&gt;&gt; Su&#703;&#363;d&#299;ya</subfield>
    <subfield code="A">GND</subfield>
    <subfield code="B">GND-040517888</subfield>
    <subfield code="C">451</subfield>
  </datafield>
  <datafield tag="GGN" ind1=" " ind2=" ">
    <subfield code="a">&lt;&lt;as-&gt;&gt; Sa&#703;&#363;d&#299;ya</subfield>
    <subfield code="A">GND</subfield>
    <subfield code="B">GND-040517888</subfield>
    <subfield code="C">451</subfield>
  </datafield>
  <datafield tag="GGN" ind1=" " ind2=" ">
    <subfield code="a">&lt;&lt;al-&gt;&gt; Mamlaka al-&#703;Arab&#299;yya as-Sa&#703;&#363;d&#299;yya</subfield>
    <subfield code="A">GND</subfield>
    <subfield code="B">GND-040517888</subfield>
    <subfield code="C">451</subfield>
  </datafield>
  <datafield tag="GGN" ind1=" " ind2=" ">
    <subfield code="a">&lt;&lt;Al-&gt;&gt; Arabijja As Saudijja</subfield>
    <subfield code="9">v:arab.; M</subfield>
    <subfield code="A">GND</subfield>
    <subfield code="B">GND-040517888</subfield>
    <subfield code="C">451</subfield>
  </datafield>
  <datafield tag="GGN" ind1=" " ind2=" ">
    <subfield code="a">Saudi Arabia</subfield>
    <subfield code="A">GND</subfield>
    <subfield code="B">GND-040517888</subfield>
    <subfield code="C">451</subfield>
  </datafield>
  <datafield tag="GGN" ind1=" " ind2=" ">
    <subfield code="a">Kingdom of Saudi Arabia</subfield>
    <subfield code="A">GND</subfield>
    <subfield code="B">GND-040517888</subfield>
    <subfield code="C">451</subfield>
  </datafield>
  <datafield tag="GGN" ind1=" " ind2=" ">
    <subfield code="a">Royaume d&apos;Arabie S&#233;oudite</subfield>
    <subfield code="A">GND</subfield>
    <subfield code="B">GND-040517888</subfield>
    <subfield code="C">451</subfield>
  </datafield>
  <datafield tag="GGN" ind1=" " ind2=" ">
    <subfield code="a">Saudi Arabian Kingdom</subfield>
    <subfield code="A">GND</subfield>
    <subfield code="B">GND-040517888</subfield>
    <subfield code="C">451</subfield>
  </datafield>
  <datafield tag="GGN" ind1=" " ind2=" ">
    <subfield code="a">Saudi-Arabia</subfield>
    <subfield code="A">GND</subfield>
    <subfield code="B">GND-040517888</subfield>
    <subfield code="C">451</subfield>
  </datafield>
  <datafield tag="GGN" ind1=" " ind2=" ">
    <subfield code="a">&lt;&lt;al-&gt;&gt; &#702;Arab&#299;ya as-Sa&#363;d&#299;ya</subfield>
    <subfield code="A">GND</subfield>
    <subfield code="B">GND-040517888</subfield>
    <subfield code="C">451</subfield>
  </datafield>
  <datafield tag="GGN" ind1=" " ind2=" ">
    <subfield code="a">Mamlaka al-&#702;Arab&#299;ya as-Sa&#363;d&#299;ya</subfield>
    <subfield code="A">GND</subfield>
    <subfield code="B">GND-040517888</subfield>
    <subfield code="C">451</subfield>
  </datafield>
  <datafield tag="GGN" ind1=" " ind2=" ">
    <subfield code="a">Arabie S&#233;oudite</subfield>
    <subfield code="A">GND</subfield>
    <subfield code="B">GND-040517888</subfield>
    <subfield code="C">451</subfield>
  </datafield>
  <datafield tag="GGN" ind1=" " ind2=" ">
    <subfield code="a">Royaume de l&apos;Arabie Saoudite</subfield>
    <subfield code="A">GND</subfield>
    <subfield code="B">GND-040517888</subfield>
    <subfield code="C">451</subfield>
  </datafield>
  <datafield tag="GST" ind1=" " ind2=" ">
    <subfield code="a">Fortwirken</subfield>
    <subfield code="A">GND</subfield>
    <subfield code="B">GND-041126467</subfield>
    <subfield code="C">450</subfield>
  </datafield>
  <datafield tag="GST" ind1=" " ind2=" ">
    <subfield code="a">Nachwirkung</subfield>
    <subfield code="g">Auswirkung</subfield>
    <subfield code="A">GND</subfield>
    <subfield code="B">GND-041126467</subfield>
    <subfield code="C">450</subfield>
  </datafield>
  <datafield tag="GST" ind1=" " ind2=" ">
    <subfield code="a">Folge</subfield>
    <subfield code="A">GND</subfield>
    <subfield code="B">GND-041126467</subfield>
    <subfield code="C">450</subfield>
  </datafield>
  <datafield tag="GSI" ind1="7" ind2=" ">
    <subfield code="a">http://d-nb.info/gnd/4112646-4</subfield>
    <subfield code="2">uri</subfield>
    <subfield code="A">GND</subfield>
    <subfield code="B">GND-041126467</subfield>
    <subfield code="C">024</subfield>
  </datafield>
  <datafield tag="GST" ind1=" " ind2=" ">
    <subfield code="a">Zweiter Golfkrieg</subfield>
    <subfield code="A">GND</subfield>
    <subfield code="B">GND-042437806</subfield>
    <subfield code="C">450</subfield>
  </datafield>
  <datafield tag="GST" ind1=" " ind2=" ">
    <subfield code="a">2. Golfkrieg</subfield>
    <subfield code="A">GND</subfield>
    <subfield code="B">GND-042437806</subfield>
    <subfield code="C">450</subfield>
  </datafield>
  <datafield tag="GST" ind1=" " ind2=" ">
    <subfield code="a">Irakkrise</subfield>
    <subfield code="A">GND</subfield>
    <subfield code="B">GND-042437806</subfield>
    <subfield code="C">450</subfield>
  </datafield>
  <datafield tag="GST" ind1=" " ind2=" ">
    <subfield code="a">Erster Irakkrieg</subfield>
    <subfield code="g">1990-1991</subfield>
    <subfield code="9">v:Wikipedia-Synonym</subfield>
    <subfield code="A">GND</subfield>
    <subfield code="B">GND-042437806</subfield>
    <subfield code="C">450</subfield>
  </datafield>
  <datafield tag="GST" ind1=" " ind2=" ">
    <subfield code="a">Golfkonflikt</subfield>
    <subfield code="g">1990-1991</subfield>
    <subfield code="A">GND</subfield>
    <subfield code="B">GND-042437806</subfield>
    <subfield code="C">450</subfield>
  </datafield>
  <datafield tag="GST" ind1=" " ind2=" ">
    <subfield code="a">Golfkrise</subfield>
    <subfield code="g">1990-1991</subfield>
    <subfield code="A">GND</subfield>
    <subfield code="B">GND-042437806</subfield>
    <subfield code="C">450</subfield>
  </datafield>
  <datafield tag="GST" ind1=" " ind2=" ">
    <subfield code="a">Operation W&#252;stensturm</subfield>
    <subfield code="9">v:Fischer Weltalmanach 1992 unter Golfkrieg</subfield>
    <subfield code="A">GND</subfield>
    <subfield code="B">GND-042437806</subfield>
    <subfield code="C">450</subfield>
  </datafield>
  <datafield tag="GST" ind1=" " ind2=" ">
    <subfield code="a">W&#252;stensturm</subfield>
    <subfield code="g">Operation, Milit&#228;r</subfield>
    <subfield code="A">GND</subfield>
    <subfield code="B">GND-042437806</subfield>
    <subfield code="C">450</subfield>
  </datafield>
  <datafield tag="GST" ind1=" " ind2=" ">
    <subfield code="a">Operation Desert Storm</subfield>
    <subfield code="A">GND</subfield>
    <subfield code="B">GND-042437806</subfield>
    <subfield code="C">450</subfield>
  </datafield>
  <datafield tag="GSI" ind1="7" ind2=" ">
    <subfield code="a">4243780-5</subfield>
    <subfield code="0">http://d-nb.info/gnd/4243780-5</subfield>
    <subfield code="2">gnd</subfield>
    <subfield code="A">GND</subfield>
    <subfield code="B">GND-042437806</subfield>
    <subfield code="C">024</subfield>
  </datafield>
  <datafield tag="GPN" ind1="3" ind2=" ">
    <subfield code="a">Saud</subfield>
    <subfield code="c">Familie</subfield>
    <subfield code="A">GND</subfield>
    <subfield code="B">GND-118708554</subfield>
    <subfield code="C">400</subfield>
  </datafield>
  <datafield tag="GPN" ind1="3" ind2=" ">
    <subfield code="a">A&#772;l-Sa&#702;u&#772;d</subfield>
    <subfield code="A">GND</subfield>
    <subfield code="B">GND-118708554</subfield>
    <subfield code="C">400</subfield>
  </datafield>
  <datafield tag="GPN" ind1="3" ind2=" ">
    <subfield code="a">A&#772;l-Su&#702;u&#772;d</subfield>
    <subfield code="A">GND</subfield>
    <subfield code="B">GND-118708554</subfield>
    <subfield code="C">400</subfield>
  </datafield>
  <datafield tag="GSI" ind1="7" ind2=" ">
    <subfield code="a">http://d-nb.info/gnd/118708554</subfield>
    <subfield code="2">uri</subfield>
    <subfield code="A">GND</subfield>
    <subfield code="B">GND-118708554</subfield>
    <subfield code="C">024</subfield>
  </datafield>
  <datafield tag="GPN" ind1="1" ind2=" ">
    <subfield code="a">Fuertig, Henner</subfield>
    <subfield code="d">1953-</subfield>
    <subfield code="A">GND</subfield>
    <subfield code="B">GND-121065693</subfield>
    <subfield code="C">400</subfield>
  </datafield>
  <datafield tag="GPN" ind1="1" ind2=" ">
    <subfield code="a">Fu&#772;rti&#772;g&#780;, Hi&#772;nar</subfield>
    <subfield code="d">1953-</subfield>
    <subfield code="A">GND</subfield>
    <subfield code="B">GND-121065693</subfield>
    <subfield code="C">400</subfield>
  </datafield>
  <datafield tag="GSI" ind1="7" ind2=" ">
    <subfield code="a">http://d-nb.info/gnd/121065693</subfield>
    <subfield code="2">uri</subfield>
    <subfield code="A">GND</subfield>
    <subfield code="B">GND-121065693</subfield>
    <subfield code="C">024</subfield>
  </datafield>
  <datafield tag="GST" ind1=" " ind2=" ">
    <subfield code="a">Zweiter Golfkrieg</subfield>
    <subfield code="A">GND</subfield>
    <subfield code="B">GND-042437806</subfield>
    <subfield code="C">450</subfield>
  </datafield>
  <datafield tag="GST" ind1=" " ind2=" ">
    <subfield code="a">2. Golfkrieg</subfield>
    <subfield code="A">GND</subfield>
    <subfield code="B">GND-042437806</subfield>
    <subfield code="C">450</subfield>
  </datafield>
  <datafield tag="GST" ind1=" " ind2=" ">
    <subfield code="a">Irakkrise</subfield>
    <subfield code="A">GND</subfield>
    <subfield code="B">GND-042437806</subfield>
    <subfield code="C">450</subfield>
  </datafield>
  <datafield tag="GST" ind1=" " ind2=" ">
    <subfield code="a">Erster Irakkrieg</subfield>
    <subfield code="g">1990-1991</subfield>
    <subfield code="9">v:Wikipedia-Synonym</subfield>
    <subfield code="A">GND</subfield>
    <subfield code="B">GND-042437806</subfield>
    <subfield code="C">450</subfield>
  </datafield>
  <datafield tag="GST" ind1=" " ind2=" ">
    <subfield code="a">Golfkonflikt</subfield>
    <subfield code="g">1990-1991</subfield>
    <subfield code="A">GND</subfield>
    <subfield code="B">GND-042437806</subfield>
    <subfield code="C">450</subfield>
  </datafield>
  <datafield tag="GST" ind1=" " ind2=" ">
    <subfield code="a">Golfkrise</subfield>
    <subfield code="g">1990-1991</subfield>
    <subfield code="A">GND</subfield>
    <subfield code="B">GND-042437806</subfield>
    <subfield code="C">450</subfield>
  </datafield>
  <datafield tag="GST" ind1=" " ind2=" ">
    <subfield code="a">Operation W&#252;stensturm</subfield>
    <subfield code="9">v:Fischer Weltalmanach 1992 unter Golfkrieg</subfield>
    <subfield code="A">GND</subfield>
    <subfield code="B">GND-042437806</subfield>
    <subfield code="C">450</subfield>
  </datafield>
  <datafield tag="GST" ind1=" " ind2=" ">
    <subfield code="a">W&#252;stensturm</subfield>
    <subfield code="g">Operation, Milit&#228;r</subfield>
    <subfield code="A">GND</subfield>
    <subfield code="B">GND-042437806</subfield>
    <subfield code="C">450</subfield>
  </datafield>
  <datafield tag="GST" ind1=" " ind2=" ">
    <subfield code="a">Operation Desert Storm</subfield>
    <subfield code="A">GND</subfield>
    <subfield code="B">GND-042437806</subfield>
    <subfield code="C">450</subfield>
  </datafield>
  <datafield tag="GSI" ind1="7" ind2=" ">
    <subfield code="a">4243780-5</subfield>
    <subfield code="0">http://d-nb.info/gnd/4243780-5</subfield>
    <subfield code="2">gnd</subfield>
    <subfield code="A">GND</subfield>
    <subfield code="B">GND-042437806</subfield>
    <subfield code="C">024</subfield>
  </datafield>
</record>